
  <record>
    <leader>01000aam  22002601a 4500</leader>
    <controlfield tag="001">YPZ6137</controlfield>
    <controlfield tag="003">YPZ</controlfield>
    <controlfield tag="005">200606021401490</controlfield>
    <controlfield tag="008">060602|###########||||||b||||||||||spa|d</controlfield>
    <datafield tag="040" ind1=" " ind2=" ">
      <subfield code="c">SIUNPA</subfield>
    </datafield>
    <datafield tag="041" ind1=" " ind2=" ">
      <subfield code="a">spa</subfield>
    </datafield>
    <datafield tag="044" ind1=" " ind2=" ">
      <subfield code="a">AR</subfield>
    </datafield>
    <datafield tag="080" ind1=" " ind2=" ">
      <subfield code="a">M912(828.8) A691p</subfield>
    </datafield>
    <datafield tag="110" ind1=" " ind2=" ">
      <subfield code="a">Argentina. Armada. Servicio de Hidrografía Naval. División Fotogrametría.</subfield>
    </datafield>
    <datafield tag="245" ind1=" " ind2=" ">
      <subfield code="a">Punta Loyola</subfield>
    </datafield>
    <datafield tag="260" ind1=" " ind2=" ">
      <subfield code="a">Buenos Aires</subfield>
      <subfield code="b"> : Servicio de Hidrografía Naval</subfield>
      <subfield code="c"> , 1968</subfield>
    </datafield>
    <datafield tag="500" ind1=" " ind2=" ">
      <subfield code="a">Escala 1:20.000 apróx.</subfield>
    </datafield>
    <datafield tag="505" ind1=" " ind2=" ">
      <subfield code="a">Sobre 1: Fotografías Nos. 02 al 13, 16 a 23</subfield>
    </datafield>
    <datafield tag="505" ind1=" " ind2=" ">
      <subfield code="a">Sobre 2: Fotografías Nos. 59 al 78</subfield>
    </datafield>
    <datafield tag="650" ind1=" " ind2=" ">
      <subfield code="a"> PUNTA LOYOLA (SANTA CRUZ)</subfield>
    </datafield>
    <datafield tag="650" ind1=" " ind2=" ">
      <subfield code="a"> GEOMORFOLOGIA </subfield>
    </datafield>
    <datafield tag="650" ind1=" " ind2=" ">
      <subfield code="a"> CARTOGRAFIA</subfield>
    </datafield>
    <datafield tag="650" ind1=" " ind2=" ">
      <subfield code="a"> RIO GALLEGOS (SANTA CRUZ)</subfield>
    </datafield>
    <datafield tag="650" ind1=" " ind2=" ">
      <subfield code="a"> GEOGRAFIA DE SANTA CRUZ</subfield>
    </datafield>
    <datafield tag="942" ind1=" " ind2=" ">
      <subfield code="c">CAR</subfield>
    </datafield>
    <datafield tag="952" ind1=" " ind2=" ">
      <subfield code="a">BIB_RECT</subfield>
      <subfield code="b">BIB_UARG</subfield>
      <subfield code="d">2006-06-01</subfield>
      <subfield code="y">CAR</subfield>
      <subfield code="p">05-30456</subfield>
      <subfield code="i">05-30456</subfield>
      <subfield code="g">40</subfield>
      <subfield code="o">M912(828.8) A691p</subfield>
      <subfield code="e">PI029/A060</subfield>
      <subfield code="8">CG</subfield>
    </datafield>
    <datafield tag="952" ind1=" " ind2=" ">
      <subfield code="a">BIB_RECT</subfield>
      <subfield code="b">BIB_UARG</subfield>
      <subfield code="d">2006-06-01</subfield>
      <subfield code="y">CAR</subfield>
      <subfield code="p">05-30457</subfield>
      <subfield code="i">05-30457</subfield>
      <subfield code="g">40</subfield>
      <subfield code="o">M912(828.8) A691p</subfield>
      <subfield code="e">PI029/A060</subfield>
      <subfield code="8">CG</subfield>
    </datafield>
  </record>